<?xml version="1.0" encoding="UTF-8"?><collection xmlns="http://www.loc.gov/MARC21/slim"><record><leader>00462nam--2200133-i-4500</leader><controlfield tag="001">000020808</controlfield><controlfield tag="002">20161230</controlfield><controlfield tag="005">20161230201033</controlfield><controlfield tag="008">060222s1000------------r-----000-0-eng-d</controlfield><datafield ind1=" " ind2=" " tag="020"><subfield code="a">92-1-142</subfield></datafield><datafield ind1=" " ind2=" " tag="080"><subfield code="a">504.05:539.12.08</subfield></datafield><datafield ind1=" " ind2=" " tag="245"><subfield code="a">Source  and effects of ionizing radiation. united nations scientific commitee on the effects of atomic radiation. unscear 1996 report to the general assemby, with scientific annex</subfield></datafield><datafield ind1=" " ind2=" " tag="260"><subfield code="a">New York, 1996. 86 P</subfield></datafield><datafield ind1=" " ind2=" " tag="852"><subfield code="a">80792</subfield></datafield></record></collection>